@inproceedings{
sensornetzwiki,
author = {},
pages = {},
title = {Wikipediaeintrag Sensornetz},
HOWPUBLISHED = "Website",
url = {http://de.wikipedia.org/wiki/Sensornetz},
note ={Online unter \url{http://de.wikipedia.org/wiki/Sensornetz}; zuletzt besucht am 5. August 2014}
},

@inproceedings{
miximapiref,
author = {},
pages = {},
title = {MiXiM API Reference},
HOWPUBLISHED = "Website",
url = {http://mixim.sourceforge.net/doc/MiXiM/doc/doxy/},
note ={Online unter \url{http://mixim.sourceforge.net/doc/MiXiM/doc/doxy/}; zuletzt besucht am 5. August 2014}
},

@inproceedings{
mixim,
author = {},
pages = {},
title = {MiXiM Official Website},
HOWPUBLISHED = "Website",
url = {http://mixim.sourceforge.net/},
note ={Online unter \url{http://mixim.sourceforge.net/}; zuletzt besucht am 5. August 2014}
},

@inproceedings{
omnet,
author = {},
pages = {},
title = {Omnet++ Official Website},
HOWPUBLISHED = "Website",
url = {http://www.omnetpp.org},
note ={Online unter \url{http://www.omnetpp.org}; zuletzt besucht am 5. August 2014}
},

@inproceedings{
omnetman,
author = {},
pages = {},
title = {Omnet++ Manual},
HOWPUBLISHED = "Website",
url = {http://www.omnetpp.org/doc/omnetpp/manual/usman.html},
note ={Online unter \url{http://www.omnetpp.org/doc/omnetpp/manual/usman.html}; zuletzt besucht am 5. August 2014}
},

@inproceedings{
github,
author = {},
pages = {},
title = {Github},
HOWPUBLISHED = "Website",
url = {https://github.com},
note ={Online unter \url{https://github.com}; zuletzt besucht am 5. August 2014}
},

@inproceedings{
ned,
author = {},
pages = {},
title = {NED Language Beschreibung auf ieee.org},
HOWPUBLISHED = "Website",
url = {http://www.ewh.ieee.org/soc/es/Nov1999/18/ned.htm},
note ={Online unter \url{http://www.ewh.ieee.org/soc/es/Nov1999/18/ned.htm}; zuletzt besucht am 5. August 2014}
},

@inproceedings{
git,
author = {},
pages = {},
title = {Git},
HOWPUBLISHED = "Website",
url = {http://git-scm.com/},
note ={Online unter \url{http://git-scm.com/}; zuletzt besucht am 5. August 2014}
},

@inproceedings{
eclipse,
author = {},
pages = {},
title = {Eclipse},
HOWPUBLISHED = "Website",
url = {https://www.eclipse.org/},
note ={Online unter \url{https://www.eclipse.org/}; zuletzt besucht am 5. August 2014}
},
