@inproceedings{
Mixim,
author = {},
pages = {},
title = {Mixim},
HOWPUBLISHED = "Website",
note = "Online unter \url{http://mixim.sourceforge.net/}; zuletzt besucht am 17. März 2016"
},
@inproceedings{
st,
author = {},
pages = {},
title = {SensorTechnology},
HOWPUBLISHED = "Website",
note = "Online unter \url{https://github.com/ThomasRueckert/sensorSim}; zuletzt besucht am 17. März 2016"
},
@inproceedings{
omnet,
author = {},
pages = {},
title = {Omnet++},
HOWPUBLISHED = "Website",
note = "Online unter \url{https://omnetpp.org/}; zuletzt besucht am 17. März 2016"
},
@inproceedings{
omnetman,
author = {},
pages = {},
title = {Omnet++ Manual},
HOWPUBLISHED = "Website",
note = "Online unter \url{https://omnetpp.org/doc/omnetpp/manual/usman.html}; zuletzt besucht am 17. März 2016"
},
@inproceedings{
omnet45,
author = {},
pages = {},
title = {Omnet++ Version 4.5},
HOWPUBLISHED = "Website",
note = "Online unter \url{https://omnetpp.org/component/jdownloads/download/32-release-older-versions/2289-omnet-4-5-win32-source-ide-mingw-zip}; zuletzt besucht am 17. März 2016"
},






